@incollection{CNN_LSF,
title = {Convolutional Neural Networks on Graphs with Fast Localized Spectral Filtering},
author = {Defferrard, Micha\"{e}l and Bresson, Xavier and Vandergheynst, Pierre},
booktitle = {Advances in Neural Information Processing Systems 29},
editor = {D. D. Lee and M. Sugiyama and U. V. Luxburg and I. Guyon and R. Garnett},
pages = {3844--3852},
year = {2016},
publisher = {Curran Associates, Inc.},
url = {http://papers.nips.cc/paper/6081-convolutional-neural-networks-on-graphs-with-fast-localized-spectral-filtering.pdf}
}
@article{GCN,
  author    = {Thomas N. Kipf and
               Max Welling},
  title     = {Semi-Supervised Classification with Graph Convolutional Networks},
  journal   = {CoRR},
  volume    = {abs/1609.02907},
  year      = {2016},
  url       = {http://arxiv.org/abs/1609.02907},
  archivePrefix = {arXiv},
  eprint    = {1609.02907},
  timestamp = {Mon, 13 Aug 2018 16:48:31 +0200},
  biburl    = {https://dblp.org/rec/bib/journals/corr/KipfW16},
  bibsource = {dblp computer science bibliography, https://dblp.org}
}
@article{first_paper,
  author    = {Mikael Henaff and
               Joan Bruna and
               Yann LeCun},
  title     = {Deep Convolutional Networks on Graph-Structured Data},
  journal   = {CoRR},
  volume    = {abs/1506.05163},
  year      = {2015},
  url       = {http://arxiv.org/abs/1506.05163},
  archivePrefix = {arXiv},
  eprint    = {1506.05163},
  timestamp = {Mon, 13 Aug 2018 16:48:01 +0200},
  biburl    = {https://dblp.org/rec/bib/journals/corr/HenaffBL15},
  bibsource = {dblp computer science bibliography, https://dblp.org}
}
@TECHREPORT{Sen,
    author = {Prithviraj Sen and Galileo Namata and Mustafa Bilgic and Lise Getoor and Brian Gallagher and Tina Eliassi-Rad},
    title = {Collective classification in network data},
    institution = {},
    year = {2008}
}